%% This BibTeX bibliography file was created using BibDesk.
%% http://bibdesk.sourceforge.net/


%% Created for Camil Demetrescu at 2016-08-26 18:02:47 +0200 


%% Saved with string encoding Unicode (UTF-8) 



@book{HandbookOfSAT2009,
	Date-Added = {2016-08-25 16:13:31 +0000},
	Date-Modified = {2016-08-25 16:13:31 +0000},
	Editor = {Biere, Armin and Heule, Marijn J. H. and van Maaren, Hans and Walsh, Toby},
	Isbn = {978-1-58603-929-5},
	Issn = {0922-6389},
	Month = {February},
	Pages = {980},
	Publisher = {IOS Press},
	Series = {Frontiers in Artificial Intelligence and Applications},
	Title = {Handbook of Satisfiability},
	Volume = {185},
	Year = {2009}}

@article{GDLNRST-IEEESW08,
	//Url = {http://research.microsoft.com/apps/pubs/default.aspx?id=74119},
	Author = {Godefroid, Patrice and de Halleux, Peli and Levin, Michael Y. and Nori, Aditya V. and Rajamani, Sriram K. and Schulte, Wolfram and Tillmann, Nikolai},
	Booktitle = {Special Issue on Software Development Tools},
	Journal = {IEEE Software},
	Month = {October},
	Publisher = {IEEE Computer Society},
	Title = {Automated Software Testing Using Program Analysis},
	Year = {2008}}

@article{PV-JSTTT09,
	//Url = {http://dx.doi.org/10.1007/s10009-009-0118-1},
	Acmid = {1667869},
	Address = {Berlin, Heidelberg},
	Author = {P\u{a}s\u{a}reanu, Corina S. and Visser, Willem},
	Doi = {10.1007/s10009-009-0118-1},
	Issn = {1433-2779},
	Issue_Date = {October 2009},
	Journal = {Int. J. Softw. Tools Technol. Transf.},
	Month = oct,
	Number = {4},
	Numpages = {15},
	Pages = {339--353},
	Publisher = {Springer-Verlag},
	Title = {A Survey of New Trends in Symbolic Execution for Software Testing and Analysis},
	Volume = {11},
	Year = {2009},
	Bdsk-Url-1 = {http://dx.doi.org/10.1007/s10009-009-0118-1}}

@article{K-CACM76,
	Author = {King, James C.},
	Journal = {Communication of ACM},
	Number = {7},
	Numpages = {10},
	Pages = {385--394},
	Title = {Symbolic Execution and Program Testing},
	Volume = {19},
	Year = {1976}}

@article{H-TSE77,
	Author = {W. E. Howden},
	Journal = {IEEE Transactions on Software Engineering},
	Number = {4},
	Pages = {266-278},
	Title = {Symbolic Testing and the DISSECT Symbolic Evaluation System},
	Volume = {SE-3},
	Year = {1977}}

@inproceedings{KLEE-OSDI08,
	Author = {Cadar, Cristian and Dunbar, Daniel and Engler, Dawson},
	Booktitle = {Proceedings of the 8th USENIX Conference on Operating Systems Design and Implementation},
	Numpages = {16},
	Pages = {209--224},
	Series = {OSDI'08},
	Title = {KLEE: Unassisted and Automatic Generation of High-coverage Tests for Complex Systems Programs},
	Year = {2008}}

@inproceedings{EXE-CCS06,
	Author = {Cadar, Cristian and Ganesh, Vijay and Pawlowski, Peter M. and Dill, David L. and Engler, Dawson R.},
	Booktitle = {Proceedings of the 13th ACM Conference on Computer and Communications Security},
	Numpages = {14},
	Pages = {322--335},
	Series = {CCS '06},
	Title = {{EXE}: Automatically Generating Inputs of Death},
	Year = {2006}}

@inproceedings{DART-PLDI05,
	Author = {Godefroid, Patrice and Klarlund, Nils and Sen, Koushik},
	Booktitle = {Proceedings of the 2005 ACM SIGPLAN Conference on Programming Language Design and Implementation},
	Isbn = {1-59593-056-6},
	Location = {Chicago, IL, USA},
	Numpages = {11},
	Pages = {213--223},
	Series = {PLDI '05},
	Title = {DART: Directed Automated Random Testing},
	Year = {2005}}

@inproceedings{CUTE-FSE13,
	Author = {Sen, Koushik and Marinov, Darko and Agha, Gul},
	Booktitle = {Proceedings of the 10th European Software Engineering Conference Held Jointly with 13th ACM SIGSOFT International Symposium on Foundations of Software Engineering},
	Numpages = {10},
	Pages = {263--272},
	Series = {ESEC/FSE-13},
	Title = {CUTE: A Concolic Unit Testing Engine for C},
	Year = {2005}}

@inproceedings{SA-CAV06,
	Author = {Sen, Koushik and Agha, Gul},
	Booktitle = {Computer Aided Verification: 18th International Conference},
	Pages = {419--423},
	Series = {CAV06},
	Title = {{CUTE} and {jCUTE}: Concolic Unit Testing and Explicit Path Model-Checking Tools},
	Year = {2006}}

@article{FIRMALICE-NDSS15,
	Author = {Shoshitaishvili, Yan and Wang, Ruoyu and Hauser, Christophe and Kruegel, Christopher and Vigna, Giovanni},
	Booktitle = {NDSS},
	Title = {Firmalice - Automatic Detection of Authentication Bypass Vulnerabilities in Binary Firmware},
	Year = {2015}}

@inproceedings{MAYHEM-SP12,
	Author = {Cha, Sang Kil and Avgerinos, Thanassis and Rebert, Alexandre and Brumley, David},
	Booktitle = {Proceedings of the 2012 IEEE Symposium on Security and Privacy},
	Numpages = {15},
	Pages = {380--394},
	Series = {SP '12},
	Title = {Unleashing {MAYHEM} on Binary Code},
	Year = {2012}}
	
@phdthesis{MAYHEM-THESIS,
 title={Exploiting Trade-offs in Symbolic Execution for Identifying Security Bugs},
 author={Avgerinos, Athanasios},
 advisor = {Brumley, David},
 year = {2014},
 publisher = {Carnegie Mellon University}
}

@inproceedings{Q-SEC11,
	Acmid = {2028092},
	Address = {Berkeley, CA, USA},
	Author = {Schwartz, Edward J. and Avgerinos, Thanassis and Brumley, David},
	Booktitle = {Proceedings of the 20th USENIX Conference on Security},
	Location = {San Francisco, CA},
	Numpages = {1},
	Pages = {25--25},
	Publisher = {USENIX Association},
	Series = {SEC'11},
	Title = {Q: Exploit Hardening Made Easy},
	Url = {http://dl.acm.org/citation.cfm?id=2028067.2028092},
	Year = {2011},
	Bdsk-Url-1 = {http://dl.acm.org/citation.cfm?id=2028067.2028092}}

@inproceedings{SAGE-NDSS08,
	Author = {Patrice Godefroid and Michael Y. Levin and David A. Molnar},
	Booktitle = {Proceedings of the Network and Distributed System Security Symposium, {NDSS} 2008},
	Title = {Automated Whitebox Fuzz Testing},
	Year = {2008}}

@article{SAGE-QUEUE12,
	Acmid = {2094081},
	Address = {New York, NY, USA},
	Articleno = {20},
	Author = {Godefroid, Patrice and Levin, Michael Y. and Molnar, David},
	Doi = {10.1145/2090147.2094081},
	Issn = {1542-7730},
	Issue_Date = {January 2012},
	Journal = {Queue},
	Month = jan,
	Number = {1},
	Numpages = {8},
	Pages = {20:20--20:27},
	Publisher = {ACM},
	Title = {SAGE: Whitebox Fuzzing for Security Testing},
	Url = {http://doi.acm.org/10.1145/2090147.2094081},
	Volume = {10},
	Year = {2012},
	Bdsk-Url-1 = {http://doi.acm.org/10.1145/2090147.2094081},
	Bdsk-Url-2 = {http://dx.doi.org/10.1145/2090147.2094081}}

@inproceedings{SAB-SP10,
	Author = {Schwartz, Edward J. and Avgerinos, Thanassis and Brumley, David},
	Booktitle = {Proceedings of the 2010 IEEE Symposium on Security and Privacy},
	Numpages = {15},
	Pages = {317--331},
	Series = {SP '10},
	Title = {All You Ever Wanted to Know About Dynamic Taint Analysis and Forward Symbolic Execution (but Might Have Been Afraid to Ask)},
	Year = {2010}}

@inproceedings{AEG-NDSS11,
	Author = {Thanassis Avgerinos and Sang Kil Cha and Brent Lim Tze Hao and David Brumley},
	Booktitle = {Proceedings of the Network and Distributed System Security Symposium, {NDSS} 2011, San Diego, California, USA, 6th February - 9th February 2011},
	Title = {{AEG:} Automatic Exploit Generation},
	Year = {2011}}

@inproceedings{KKM-USEC05,
	Author = {Kruegel, Christopher and Kirda, Engin and Mutz, Darren and Robertson, William and Vigna, Giovanni},
	Booktitle = {Proceedings of the 14th Conference on USENIX Security Symposium - Volume 14},
	Numpages = {1},
	Pages = {11--11},
	Series = {SSYM'05},
	Title = {Automating Mimicry Attacks Using Static Binary Analysis},
	Year = {2005}}

@inproceedings{FUZZBALL-ESORICS13,
	Author = {Dan Caselden and Alex Bazhanyuk and Mathias Payer and Stephen McCamant and Dawn Song},
	Booktitle = {Computer Security - {ESORICS} 2013 - 18th European Symposium on Research in Computer Security, Egham, UK, September 9-13, 2013. Proceedings},
	Pages = {164--181},
	Title = {{HI-CFG:} Construction by Binary Analysis and Application to Attack Polymorphism},
	Year = {2013}}

@inproceedings{CFB-ACSAC06,
	Author = {Cova, Marco and Felmetsger, Viktoria and Banks, Greg and Vigna, Giovanni},
	Booktitle = {Proceedings of the 22Nd Annual Computer Security Applications Conference},
	Numpages = {10},
	Pages = {269--278},
	Series = {ACSAC '06},
	Title = {Static Detection of Vulnerabilities in x86 Executables},
	Year = {2006}}

@inproceedings{BNS-SP06,
	Author = {Brumley, David and Newsome, James and Song, Dawn and Wang, Hao and Jha, Somesh},
	Booktitle = {Proceedings of the 2006 IEEE Symposium on Security and Privacy},
	Isbn = {0-7695-2574-1},
	Numpages = {15},
	Pages = {2--16},
	Series = {SP '06},
	Title = {Towards Automatic Generation of Vulnerability-Based Signatures},
	Year = {2006}}

@inbook{MineSweeper-BOTNET08,
	Author = {Brumley, David and Hartwig, Cody and Liang, Zhenkai and Newsome, James and Song, Dawn and Yin, Heng},
	Chapter = {Automatically Identifying Trigger-based Behavior in Malware},
	Editor = {Lee, Wenke and Wang, Cliff and Dagon, David},
	Pages = {65--88},
	Publisher = {Springer US},
	Title = {Botnet Detection: Countering the Largest Security Threat},
	Year = {2008}}

@inproceedings{SLG-NDSS08,
	Author = {Monirul I. Sharif and Andrea Lanzi and Jonathon T. Giffin and Wenke Lee},
	Booktitle = {Proceedings of the Network and Distributed System Security Symposium, {NDSS} 2008},
	Title = {Impeding Malware Analysis Using Conditional Code Obfuscation},
	Year = {2008}}

@inproceedings{MKK-SP07,
	Author = {Moser, Andreas and Kruegel, Christopher and Kirda, Engin},
	Booktitle = {Proceedings of the 2007 IEEE Symposium on Security and Privacy},
	Numpages = {15},
	Pages = {231--245},
	Series = {SP '07},
	Title = {Exploring Multiple Execution Paths for Malware Analysis},
	Year = {2007}}

@inproceedings{BCE-TACAS08,
	Author = {Peter Boonstoppel and Cristian Cadar and Dawson R. Engler},
	Booktitle = {Tools and Algorithms for the Construction and Analysis of Systems, 14th International Conference, {TACAS} 2008},
	Pages = {351--366},
	Title = {RWset: Attacking Path Explosion in Constraint-Based Test Generation},
	Year = {2008}}

@article{CKC-TOCS12,
	Author = {Chipounov, Vitaly and Kuznetsov, Volodymyr and Candea, George},
	Issue_Date = {February 2012},
	Journal = {ACM Trans. Comput. Syst.},
	Month = feb,
	Number = {1},
	Pages = {2:1--2:49},
	Title = {{The S2E Platform: Design, Implementation, and Applications}},
	Volume = {30},
	Year = {2012}}

@article{BPS-SPE00,
	Author = {William R. Bush and Jonathan D. Pincus and David J. Sielaff},
	Journal = {Softw., Pract. Exper.},
	Number = {7},
	Pages = {775--802},
	Title = {A static analyzer for finding dynamic programming errors},
	Volume = {30},
	Year = {2000}}

@inproceedings{KCF-PLDI10,
	Author = {Yit Phang Khoo and Bor{-}Yuh Evan Chang and Jeffrey S. Foster},
	Booktitle = {Proceedings of the 2010 {ACM} {SIGPLAN} Conference on Programming Language Design and Implementation, {PLDI} 2010, Toronto, Ontario, Canada, June 5-10, 2010},
	Pages = {436--447},
	Title = {Mixing type checking and symbolic execution},
	Year = {2010}}

@article{BLISS-TSE15,
	Author = {Nicol{\'{a}}s Rosner and Jaco Geldenhuys and Nazareno Aguirre and Willem Visser and Marcelo F. Frias},
	Journal = {{IEEE} Trans. Software Eng.},
	Number = {7},
	Pages = {639--660},
	Title = {{BLISS:} Improved Symbolic Execution by Bounded Lazy Initialization with {SAT} Support},
	Volume = {41},
	Year = {2015}}

@inproceedings{GDV-ISSTA12,
	Author = {Jaco Geldenhuys and Matthew B. Dwyer and Willem Visser},
	Booktitle = {International Symposium on Software Testing and Analysis, {ISSTA} 2012, Minneapolis, MN, USA, July 15-20, 2012},
	Pages = {166--176},
	Title = {Probabilistic symbolic execution},
	Year = {2012}}

@inproceedings{CGK-ICSE11,
	Author = {Cristian Cadar and Patrice Godefroid and Sarfraz Khurshid and Corina S. P\u{a}s\u{a}reanu and Koushik Sen and Nikolai Tillmann and Willem Visser},
	Booktitle = {Proceedings of the 33rd International Conference on Software Engineering, {ICSE} 2011, Waikiki, Honolulu , HI, USA, May 21-28, 2011},
	Pages = {1066--1071},
	Title = {Symbolic execution for software testing in practice: preliminary assessment},
	Year = {2011}}

@inproceedings{PRV-ISSTA11,
	Author = {Corina S. P\u{a}s\u{a}reanu and Neha Rungta and Willem Visser},
	Booktitle = {Proceedings of the 20th International Symposium on Software Testing and Analysis, {ISSTA} 2011, Toronto, ON, Canada, July 17-21, 2011},
	Pages = {34--44},
	Title = {Symbolic execution with mixed concrete-symbolic solving},
	Year = {2011}}

@inproceedings{LOOP-CCS15,
	Author = {Jiang Ming and Dongpeng Xu and Li Wang and Dinghao Wu},
	Booktitle = {Proceedings of the 22nd {ACM} {SIGSAC} Conference on Computer and Communications Security, Denver, CO, USA, October 12-6, 2015},
	Pages = {757--768},
	Title = {{LOOP:} Logic-Oriented Opaque Predicate Detection in Obfuscated Binary Code},
	Year = {2015}}

@inproceedings{BDG-CCS14,
	Author = {Musard Balliu and Mads Dam and Roberto Guanciale},
	Booktitle = {Proceedings of the 2014 {ACM} {SIGSAC} Conference on Computer and Communications Security, Scottsdale, AZ, USA, November 3-7, 2014},
	Pages = {1080--1091},
	Title = {Automating Information Flow Analysis of Low Level Code},
	Year = {2014}}

@inproceedings{ZFM-CCS13,
	Author = {Junyuan Zeng and Yangchun Fu and Kenneth A. Miller and Zhiqiang Lin and Xiangyu Zhang and Dongyan Xu},
	Booktitle = {2013 {ACM} {SIGSAC} Conference on Computer and Communications Security, CCS'13, Berlin, Germany, November 4-8, 2013},
	Pages = {487--498},
	Title = {Obfuscation resilient binary code reuse through trace-oriented programming},
	Year = {2013}}

@inproceedings{BC-CCS14,
	Author = {Gergei Bana and Hubert Comon{-}Lundh},
	Booktitle = {Proceedings of the 2014 {ACM} {SIGSAC} Conference on Computer and Communications Security, Scottsdale, AZ, USA, November 3-7, 2014},
	Pages = {609--620},
	Title = {A Computationally Complete Symbolic Attacker for Equivalence Properties},
	Year = {2014}}

@inproceedings{MWX-USEC15,
	Author = {Jiang Ming and Dinghao Wu and Gaoyao Xiao and Jun Wang and Peng Liu},
	Booktitle = {24th {USENIX} Security Symposium, {USENIX} Security 15, Washington, D.C., USA, August 12-14, 2015.},
	Pages = {65--80},
	Title = {TaintPipe: Pipelined Symbolic Taint Analysis},
	Year = {2015}}

@inproceedings{UCKLEE-USEC15,
	Author = {David A. Ramos and Dawson R. Engler},
	Booktitle = {24th {USENIX} Security Symposium, {USENIX} Security 15, Washington, D.C., USA, August 12-14, 2015.},
	Pages = {49--64},
	Title = {Under-Constrained Symbolic Execution: Correctness Checking for Real Code},
	Year = {2015}}

@inproceedings{BLR-WOOT15,
	Author = {Oleksandr Bazhaniuk and John Loucaides and Lee Rosenbaum and Mark R. Tuttle and Vincent Zimmer},
	Booktitle = {9th {USENIX} Workshop on Offensive Technologies, {WOOT} '15, Washington, DC, USA, August 10-11, 2014.},
	Title = {Symbolic Execution for {BIOS} Security},
	Year = {2015}}

@inproceedings{CJS-SP05,
	Author = {Mihai Christodorescu and Somesh Jha and Sanjit A. Seshia and Dawn Xiaodong Song and Randal E. Bryant},
	Booktitle = {2005 {IEEE} Symposium on Security and Privacy (S{\&}P 2005), 8-11 May 2005, Oakland, CA, {USA}},
	Pages = {32--46},
	Title = {Semantics-Aware Malware Detection},
	Year = {2005}}

@inproceedings{KRV-ACSAC04,
	Author = {Christopher Kr{\"{u}}gel and William K. Robertson and Giovanni Vigna},
	Booktitle = {20th Annual Computer Security Applications Conference {(ACSAC} 2004), 6-10 December 2004, Tucson, AZ, {USA}},
	Pages = {91--100},
	Title = {Detecting Kernel-Level Rootkits Through Binary Analysis},
	Year = {2004}}

@inproceedings{YD-CCS15,
	Author = {Yadegari, Babak and Debray, Saumya},
	Booktitle = {Proceedings of the 22Nd ACM SIGSAC Conference on Computer and Communications Security},
	Location = {Denver, Colorado, USA},
	Numpages = {13},
	Pages = {732--744},
	Series = {CCS '15},
	Title = {Symbolic Execution of Obfuscated Code},
	Year = {2015}}

@inproceedings{CWO-ASPLOS06,
	Author = {Jedidiah R. Crandall and Gary Wassermann and Daniela A. S. de Oliveira and Zhendong Su and Shyhtsun Felix Wu and Frederic T. Chong},
	Booktitle = {Proceedings of the 12th International Conference on Architectural Support for Programming Languages and Operating Systems, {ASPLOS} 2006, San Jose, CA, USA, October 21-25, 2006},
	Pages = {25--36},
	Title = {Temporal search: detecting hidden malware timebombs with virtual machines},
	Year = {2006}}

@inproceedings{BHK-TR07,
	Author = {David Brumley and Cody Hartwig and Min Gyung Kang and Zhenkai Liang and James Newsome and Pongsin Poosankam and Dawn Song and Heng Yin},
	Booktitle = {Technical report},
	Title = {BitScope: Automatically Dissecting Malicious Binaries},
	Year = {2007}}

@inproceedings{BAP-CAV11,
	Author = {Brumley, David and Jager, Ivan and Avgerinos, Thanassis and Schwartz, Edward J.},
	Booktitle = {Proceedings of the 23rd International Conference on Computer Aided Verification},
	Isbn = {978-3-642-22109-5},
	Location = {Snowbird, UT},
	Numpages = {7},
	Pages = {463--469},
	Series = {CAV'11},
	Title = {BAP: A Binary Analysis Platform},
	Year = {2011}}

@phdthesis{STP-TR07,
	Advisor = {Dill, David L.},
	Author = {Ganesh, Vijay},
	Publisher = {Stanford University},
	Title = {Decision Procedures for Bit-vectors, Arrays and Integers},
	Year = {2007}}

@inproceedings{STP-CAV07,
	Acmid = {1770421},
	Address = {Berlin, Heidelberg},
	Author = {Ganesh, Vijay and Dill, David L.},
	Booktitle = {Proceedings of the 19th International Conference on Computer Aided Verification},
	Isbn = {978-3-540-73367-6},
	Location = {Berlin, Germany},
	Numpages = {13},
	Pages = {519--531},
	Publisher = {Springer-Verlag},
	Series = {CAV'07},
	Title = {A Decision Procedure for Bit-vectors and Arrays},
	Url = {http://dl.acm.org/citation.cfm?id=1770351.1770421},
	Year = {2007},
	Bdsk-Url-1 = {http://dl.acm.org/citation.cfm?id=1770351.1770421}}

@inproceedings{Z3-TACS08,
	Author = {De Moura, Leonardo and Bj{\o}rner, Nikolaj},
	Booktitle = {Proceedings of the Theory and Practice of Software, 14th International Conference on Tools and Algorithms for the Construction and Analysis of Systems},
	Numpages = {4},
	Pages = {337--340},
	Series = {TACAS'08/ETAPS'08},
	Title = {Z3: An Efficient SMT Solver},
	Year = {2008}}

@techreport{DISSOLVER-TR03,
	Author = {Y. Hamadi},
	Booktitle = {Technical Report MSR-TR-2003-91},
	Publisher = {Microsoft Research},
	Title = {Disolver : A Distributed Constraint Solver},
	Year = {2003}}

@article{PPL-SCP08,
	Author = {Bagnara, Roberto and Hill, Patricia M. and Zaffanella, Enea},
	Issue_Date = {June, 2008},
	Journal = {Sci. Comput. Program.},
	Number = {1-2},
	Numpages = {19},
	Pages = {3--21},
	Title = {The Parma Polyhedra Library: Toward a Complete Set of Numerical Abstractions for the Analysis and Verification of Hardware and Software Systems},
	Volume = {72},
	Year = {2008}}

@inproceedings{DRILLER-NDSS16,
	Author = {Stephens, Nick and Grosen, John and Salls, Christopher and Dutcher, Andrew and Wang, Ruoyu and Corbetta, Jacopo and Shoshitaishvili, Yan and Kruegel, Christopher and Vigna, Giovanni},
	Booktitle = {NDSS},
	Title = {Driller: Augmenting Fuzzing Through Selective Symbolic Execution},
	Year = {2016}}

@article{WYSINWYX-TOPLAS10,
	Author = {Balakrishnan, Gogul and Reps, Thomas},
	Journal = {ACM Trans. Program. Lang. Syst.},
	Month = aug,
	Number = {6},
	Numpages = {84},
	Pages = {23:1--23:84},
	Title = {WYSINWYX: What You See is Not What You eXecute},
	Volume = {32},
	Year = {2010}}

@article{SGL-TOPLAS96,
	Author = {Sreedhar, Vugranam C. and Gao, Guang R. and Lee, Yong-Fong},
	Issn = {0164-0925},
	Issue_Date = {Nov. 1996},
	Journal = {ACM Trans. Program. Lang. Syst.},
	Month = nov,
	Number = {6},
	Numpages = {10},
	Pages = {649--658},
	Title = {Identifying Loops Using DJ Graphs},
	Volume = {18},
	Year = {1996}}

@inproceedings{VERITESTING-ICSE14,
	Author = {Avgerinos, Thanassis and Rebert, Alexandre and Cha, Sang Kil and Brumley, David},
	Booktitle = {Proceedings of the 36th International Conference on Software Engineering},
	Isbn = {978-1-4503-2756-5},
	Location = {Hyderabad, India},
	Numpages = {12},
	Pages = {1083--1094},
	Series = {ICSE 2014},
	Title = {Enhancing Symbolic Execution with Veritesting},
	Year = {2014}}

@inproceedings{REPLAYER-CCS06,
	Author = {Newsome, James and Brumley, David and Franklin, Jason and Song, Dawn},
	Booktitle = {Proceedings of the 13th ACM Conference on Computer and Communications Security},
	Isbn = {1-59593-518-5},
	Numpages = {11},
	Pages = {311--321},
	Series = {CCS '06},
	Title = {Replayer: Automatic Protocol Replay by Binary Analysis},
	Year = {2006}}

@article{CS-CACM13,
	Author = {Cadar, Cristian and Sen, Koushik},
	Issue_Date = {February 2013},
	Journal = {Commun. ACM},
	Month = feb,
	Number = {2},
	Numpages = {9},
	Pages = {82--90},
	Title = {Symbolic Execution for Software Testing: Three Decades Later},
	Volume = {56},
	Year = {2013}}

@inproceedings{KKB-PLDI12,
	//Url = {http://doi.acm.org/10.1145/2254064.2254088},
	Acmid = {2254088},
	Address = {New York, NY, USA},
	Author = {Kuznetsov, Volodymyr and Kinder, Johannes and Bucur, Stefan and Candea, George},
	Booktitle = {Proceedings of the 33rd ACM SIGPLAN Conference on Programming Language Design and Implementation},
	Doi = {10.1145/2254064.2254088},
	Isbn = {978-1-4503-1205-9},
	Keywords = {bounded software model checking, state merging, symbolic execution, testing, verification},
	Location = {Beijing, China},
	Numpages = {12},
	Pages = {193--204},
	Publisher = {ACM},
	Series = {PLDI '12},
	Title = {Efficient State Merging in Symbolic Execution},
	Year = {2012},
	Bdsk-Url-1 = {http://dx.doi.org/10.1145/2254064.2254088}}

@inproceedings{SPM-ISSTA09,
	//Url = {http://doi.acm.org/10.1145/1572272.1572299},
	Acmid = {1572299},
	Address = {New York, NY, USA},
	Author = {Saxena, Prateek and Poosankam, Pongsin and McCamant, Stephen and Song, Dawn},
	Booktitle = {Proceedings of the Eighteenth International Symposium on Software Testing and Analysis},
	Doi = {10.1145/1572272.1572299},
	Isbn = {978-1-60558-338-9},
	Keywords = {loop summaries, vulnerability discovery and diagnosis},
	Location = {Chicago, IL, USA},
	Numpages = {12},
	Pages = {225--236},
	Publisher = {ACM},
	Series = {ISSTA '09},
	Title = {Loop-extended Symbolic Execution on Binary Programs},
	Year = {2009},
	Bdsk-Url-1 = {http://dx.doi.org/10.1145/1572272.1572299}}

@inproceedings{CWD-SSP15,
	Author = {S. K. Cha and M. Woo and D. Brumley},
	Booktitle = {2015 IEEE Symposium on Security and Privacy},
	Doi = {10.1109/SP.2015.50},
	Issn = {1081-6011},
	Keywords = {fuzzy set theory;probability;program debugging;bit positions;black-box mutational fuzzing;bugs;dependency relation;execution trace;fuzzing time;probabilistically optimal mutation ratio;program-adaptive mutational fuzzing;program-seed pair;white-box symbolic analysis;Computer bugs;Hamming distance;Optimization;Security;Software;Testing;fuzzing;mutation ratio optimization;mutational fuzzing;software testing},
	Month = {May},
	Pages = {725-741},
	Title = {Program-Adaptive Mutational Fuzzing},
	Year = {2015},
	Bdsk-Url-1 = {http://dx.doi.org/10.1109/SP.2015.50}}

@inproceedings{ED-ISSTA07,
	//Url = {http://doi.acm.org/10.1145/1273463.1273464},
	Acmid = {1273464},
	Address = {New York, NY, USA},
	Author = {Engler, Dawson and Dunbar, Daniel},
	Booktitle = {Proceedings of the 2007 International Symposium on Software Testing and Analysis},
	Doi = {10.1145/1273463.1273464},
	Isbn = {978-1-59593-734-6},
	Keywords = {bug finding, dynamic analysis, symbolic execution},
	Location = {London, United Kingdom},
	Numpages = {4},
	Pages = {1--4},
	Publisher = {ACM},
	Series = {ISSTA '07},
	Title = {Under-constrained Execution: Making Automatic Code Destruction Easy and Scalable},
	Year = {2007},
	Bdsk-Url-1 = {http://dx.doi.org/10.1145/1273463.1273464}}

@inproceedings{CRAX-SERE12,
	Author = {S. K. Huang and M. H. Huang and P. Y. Huang and C. W. Lai and H. L. Lu and W. M. Leong},
	Booktitle = {Software Security and Reliability (SERE), 2012 IEEE Sixth International Conference on},
	Doi = {10.1109/SERE.2012.20},
	Keywords = {program debugging;safety-critical software;symbol manipulation;CRAX;automatic exploit generation;concolic mode;control flow hijacking vulnerabilities;end-to-end approach;format string vulnerabilities;fuzzing preys;medium scale benchmark programs;mitigation-hardened exploits;off-by-one overflow;security knowledge;software bugs;software crash analysis;software security vulnerabilities;stack-heap overflow;symbolic continuation;symbolic execution;uninitialized variable;whole system environment model;Arrays;Computer crashes;Concrete;Registers;Security;Software;Testing;automatic exploit generation;bug forensics;software crash analysis;symbolic execution;taint analysis},
	Month = {June},
	Pages = {78-87},
	Title = {CRAX: Software Crash Analysis for Automatic Exploit Generation by Modeling Attacks as Symbolic Continuations},
	Year = {2012},
	Bdsk-Url-1 = {http://dx.doi.org/10.1109/SERE.2012.20}}

@inproceedings{BHH-ASE11,
	Author = {A. Baars and M. Harman and Y. Hassoun and K. Lakhotia and P. McMinn and P. Tonella and T. Vos},
	Booktitle = {26th IEEE/ACM International Conference on Automated Software Engineering},
	Pages = {53-62},
	Series = {ASE 2011},
	Title = {Symbolic search-based testing},
	Year = {2011}}

@article{LMH-JSS10,
	Author = {Lakhotia, Kiran and McMinn, Phil and Harman, Mark},
	Issue_Date = {December, 2010},
	Journal = {Journal of Systems and Software},
	Month = dec,
	Number = {12},
	Numpages = {13},
	Pages = {2379--2391},
	Title = {An Empirical Investigation into Branch Coverage for C Programs Using CUTE and AUSTIN},
	Volume = {83},
	Year = {2010}}

@inproceedings{CCK-EUROSYS11,
	Author = {Collingbourne, Peter and Cadar, Cristian and Kelly, Paul H.J.},
	Booktitle = {Proceedings of the Sixth Conference on Computer Systems},
	Isbn = {978-1-4503-0634-8},
	Location = {Salzburg, Austria},
	Numpages = {14},
	Pages = {315--328},
	Series = {EuroSys '11},
	Title = {Symbolic Crosschecking of Floating-point and SIMD Code},
	Year = {2011}}

@inproceedings{G-PLDI11,
	Author = {Godefroid, Patrice},
	Booktitle = {Proceedings of the 32Nd ACM SIGPLAN Conference on Programming Language Design and Implementation},
	Isbn = {978-1-4503-0663-8},
	Location = {San Jose, California, USA},
	Numpages = {12},
	Pages = {258--269},
	Series = {PLDI '11},
	Title = {Higher-order Test Generation},
	Year = {2011}}

@techreport{MS-TR07,
	//Note = {URL: \url{http://www.eecs.berkeley.edu/Pubs/TechRpts/2007/EECS-2007-36.html}},
	Author = {Majumdar, Rupak and Sen, Koushik},
	Institution = {EECS Department, University of California, Berkeley},
	Month = {Mar},
	Number = {UCB/EECS-2007-36},
	Title = {LATEST : Lazy Dynamic Test Input Generation},
	Year = {2007}}

@inproceedings{PATHFINDER-ASE10,
	Author = {P\u{a}s\u{a}reanu, Corina S. and Rungta, Neha},
	Booktitle = {Proceedings of the IEEE/ACM International Conference on Automated Software Engineering},
	Isbn = {978-1-4503-0116-9},
	Numpages = {2},
	Pages = {179--180},
	Series = {ASE '10},
	Title = {Symbolic PathFinder: Symbolic Execution of Java Bytecode},
	Year = {2010}}

@inproceedings{RE-CAV11,
	Author = {Ramos, David A and Engler, Dawson R.},
	Booktitle = {Proceedings of the 23rd International Conference on Computer Aided Verification},
	Isbn = {978-3-642-22109-5},
	Location = {Snowbird, UT},
	Numpages = {17},
	Pages = {669--685},
	Series = {CAV'11},
	Title = {Practical, Low-effort Equivalence Verification of Real Code},
	Year = {2011}}

@inproceedings{PYR-PLDI11,
	Author = {Person, Suzette and Yang, Guowei and Rungta, Neha and Khurshid, Sarfraz},
	Booktitle = {Proceedings of the 32Nd ACM SIGPLAN Conference on Programming Language Design and Implementation},
	Isbn = {978-1-4503-0663-8},
	Location = {San Jose, California, USA},
	Numpages = {12},
	Pages = {504--515},
	Series = {PLDI '11},
	Title = {Directed Incremental Symbolic Execution},
	Year = {2011}}

@inproceedings{BPR-SPIN13,
	Author = {John D. Backes and Suzette Person and Neha Rungta and Oksana Tkachuk},
	Booktitle = {Model Checking Software - 20th International Symposium, {SPIN} 2013, Stony Brook, NY, USA, July 8-9, 2013. Proceedings},
	Pages = {99--116},
	Title = {Regression Verification Using Impact Summaries},
	Year = {2013}}

@inproceedings{CHW-ASPLOS13,
	Author = {Cui, Heming and Hu, Gang and Wu, Jingyue and Yang, Junfeng},
	Booktitle = {Proceedings of the Eighteenth International Conference on Architectural Support for Programming Languages and Operating Systems},
	Isbn = {978-1-4503-1870-9},
	Location = {Houston, Texas, USA},
	Numpages = {14},
	Pages = {329--342},
	Series = {ASPLOS '13},
	Title = {Verifying Systems Rules Using Rule-directed Symbolic Execution},
	Year = {2013}}

@inproceedings{RK-ICSE07,
	//Url = {http://dx.doi.org/10.1109/ICSE.2007.41},
	Acmid = {1248874},
	Address = {Washington, DC, USA},
	Author = {Majumdar, Rupak and Sen, Koushik},
	Booktitle = {Proceedings of the 29th International Conference on Software Engineering},
	Doi = {10.1109/ICSE.2007.41},
	Isbn = {0-7695-2828-7},
	Keywords = {directed random testing, concolic testing.},
	Numpages = {11},
	Pages = {416--426},
	Publisher = {IEEE Computer Society},
	Series = {ICSE '07},
	Title = {Hybrid Concolic Testing},
	Year = {2007},
	Bdsk-Url-1 = {http://dx.doi.org/10.1109/ICSE.2007.41}}

@inproceedings{G-POPL07,
	Acmid = {1190226},
	Address = {New York, NY, USA},
	Author = {Godefroid, Patrice},
	Booktitle = {Proceedings of the 34th Annual ACM SIGPLAN-SIGACT Symposium on Principles of Programming Languages},
	Doi = {10.1145/1190216.1190226},
	Isbn = {1-59593-575-4},
	Keywords = {automatic test generation, compositional program analysis, program verification, scalability, software testing},
	Location = {Nice, France},
	Numpages = {8},
	Pages = {47--54},
	Publisher = {ACM},
	Series = {POPL '07},
	Title = {Compositional Dynamic Test Generation},
	Url = {http://doi.acm.org/10.1145/1190216.1190226},
	Year = {2007},
	Bdsk-Url-1 = {http://doi.acm.org/10.1145/1190216.1190226},
	Bdsk-Url-2 = {http://dx.doi.org/10.1145/1190216.1190226}}

@incollection{HSS-RV09,
	Acmid = {1690877},
	Address = {Berlin, Heidelberg},
	Author = {Hansen, Trevor and Schachte, Peter and S{\o}ndergaard, Harald},
	Chapter = {State Joining and Splitting for the Symbolic Execution of Binaries},
	Doi = {10.1007/978-3-642-04694-0_6},
	Editor = {Bensalem, Saddek and Peled, Doron A.},
	Isbn = {978-3-642-04693-3},
	Numpages = {17},
	Pages = {76--92},
	Publisher = {Springer-Verlag},
	Title = {Runtime Verification},
	Url = {http://dx.doi.org/10.1007/978-3-642-04694-0_6},
	Year = {2009},
	Bdsk-Url-1 = {http://dx.doi.org/10.1007/978-3-642-04694-0_6}}

@inproceedings{SATURN-POPL05,
	Acmid = {1040334},
	Address = {New York, NY, USA},
	Author = {Xie, Yichen and Aiken, Alex},
	Booktitle = {Proceedings of the 32Nd ACM SIGPLAN-SIGACT Symposium on Principles of Programming Languages},
	Doi = {10.1145/1040305.1040334},
	Isbn = {1-58113-830-X},
	Keywords = {boolean satisfiability, error detection, program analysis},
	Location = {Long Beach, California, USA},
	Numpages = {13},
	Pages = {351--363},
	Publisher = {ACM},
	Series = {POPL '05},
	Title = {Scalable Error Detection Using Boolean Satisfiability},
	Url = {http://doi.acm.org/10.1145/1040305.1040334},
	Year = {2005},
	Bdsk-Url-1 = {http://doi.acm.org/10.1145/1040305.1040334},
	Bdsk-Url-2 = {http://dx.doi.org/10.1145/1040305.1040334}}

@inproceedings{CALYSTO-ICSE08,
	Acmid = {1368118},
	Address = {New York, NY, USA},
	Author = {Babic, Domagoj and Hu, Alan J.},
	Booktitle = {Proceedings of the 30th International Conference on Software Engineering},
	Doi = {10.1145/1368088.1368118},
	Isbn = {978-1-60558-079-1},
	Keywords = {formal verification, static analysis, static checking},
	Location = {Leipzig, Germany},
	Numpages = {10},
	Pages = {211--220},
	Publisher = {ACM},
	Series = {ICSE '08},
	Title = {Calysto: Scalable and Precise Extended Static Checking},
	Url = {http://doi.acm.org/10.1145/1368088.1368118},
	Year = {2008},
	Bdsk-Url-1 = {http://doi.acm.org/10.1145/1368088.1368118},
	Bdsk-Url-2 = {http://dx.doi.org/10.1145/1368088.1368118}}

@inproceedings{RED-ICSE16,
	Author = {Rizzi, Eric F. and Elbaum, Sebastian and Dwyer, Matthew B.},
	Booktitle = {Proceedings of the 38th International Conference on Software Engineering},
	Isbn = {978-1-4503-3900-1},
	Numpages = {12},
	Pages = {132--143},
	Series = {ICSE '16},
	Title = {On the Techniques We Create, the Tools We Build, and Their Misalignments: A Study of KLEE},
	Year = {2016}}

@inproceedings{PEX-TAP08,
	Author = {Tillmann, Nikolai and De Halleux, Jonathan},
	Booktitle = {Proceedings of the 2Nd International Conference on Tests and Proofs},
	Location = {Prato, Italy},
	Numpages = {20},
	Pages = {134--153},
	Series = {TAP'08},
	Title = {Pex: White Box Test Generation for .NET},
	Year = {2008}}

@inproceedings{KKK-ICSE12,
	Author = {Kim, Yunho and Kim, Moonzoo and Kim, YoungJoo and Jang, Yoonkyu},
	Booktitle = {Proceedings of the 34th International Conference on Software Engineering},
	Location = {Zurich, Switzerland},
	Numpages = {10},
	Pages = {1143--1152},
	Series = {ICSE '12},
	Title = {Industrial Application of Concolic Testing Approach: A Case Study on Libexif by Using CREST-BV and KLEE},
	Year = {2012}}

@inproceedings{VGD-FSE12,
	Articleno = {58},
	Author = {Visser, Willem and Geldenhuys, Jaco and Dwyer, Matthew B.},
	Booktitle = {Proceedings of the ACM SIGSOFT 20th International Symposium on the Foundations of Software Engineering},
	Location = {Cary, North Carolina},
	Numpages = {11},
	Pages = {58:1--58:11},
	Series = {FSE '12},
	Title = {Green: Reducing, Reusing and Recycling Constraints in Program Analysis},
	Year = {2012}}

@inproceedings{ES-SAT03,
	Author = {Niklas E{\'{e}}n and Niklas S{\"{o}}rensson},
	Booktitle = {Theory and Applications of Satisfiability Testing, 6th International Conference, {SAT} 2003. Santa Margherita Ligure, Italy, May 5-8, 2003 Selected Revised Papers},
	Pages = {502--518},
	Title = {An Extensible SAT-solver},
	Year = {2003}}

@inproceedings{DL-ASE06,
	Author = {X. Deng and J. Lee and Robby},
	Booktitle = {21st IEEE/ACM International Conference on Automated Software Engineering (ASE'06)},
	Pages = {157-166},
	Title = {Bogor/Kiasan: A k-bounded Symbolic Execution for Checking Strong Heap Properties of Open Systems},
	Year = {2006}}

@inproceedings{RED-ICSE16,
	Author = {Rizzi, Eric F. and Elbaum, Sebastian and Dwyer, Matthew B.},
	Booktitle = {Proceedings of the 38th International Conference on Software Engineering},
	Isbn = {978-1-4503-3900-1},
	Numpages = {12},
	Pages = {132--143},
	Series = {ICSE '16},
	Title = {On the Techniques We Create, the Tools We Build, and Their Misalignments: A Study of KLEE},
	Year = {2016}}

@inproceedings{PV-SPIN04,
	Author = {Corina S. P\u{a}s\u{a}reanu and Willem Visser},
	Booktitle = {Model Checking Software, 11th International {SPIN} Workshop, Barcelona, Spain, April 1-3, 2004, Proceedings},
	Pages = {164--181},
	Title = {Verification of Java Programs Using Symbolic Execution and Invariant Generation},
	Year = {2004}}

@inproceedings{PDG-FSE01,
	Author = {Coen-Porisini, Alberto and Denaro, Giovanni and Ghezzi, Carlo and Pezz{\'e}, Mauro},
	Booktitle = {Proceedings of the 8th European Software Engineering Conference Held Jointly with 9th ACM SIGSOFT International Symposium on Foundations of Software Engineering},
	Isbn = {1-58113-390-1},
	Numpages = {10},
	Pages = {142--151},
	Series = {ESEC/FSE-9},
	Title = {Using Symbolic Execution for Verifying Safety-critical Systems},
	Year = {2001}}

@inproceedings{AOH-TACAS07,
	Author = {Anand, Saswat and Orso, Alessandro and Harrold, Mary Jean},
	Booktitle = {Proceedings of the 13th International Conference on Tools and Algorithms for the Construction and Analysis of Systems},
	Isbn = {978-3-540-71208-4},
	Location = {Braga, Portugal},
	Numpages = {17},
	Pages = {117--133},
	Series = {TACAS'07},
	Title = {Type-dependence Analysis and Program Transformation for Symbolic Execution},
	Year = {2007}}

@inproceedings{S-FMCAD08,
	Articleno = {19},
	Author = {Sinha, Nishant},
	Booktitle = {Proceedings of the 2008 International Conference on Formal Methods in Computer-Aided Design},
	Isbn = {978-1-4244-2735-2},
	Location = {Portland, Oregon},
	Numpages = {9},
	Pages = {19:1--19:9},
	Series = {FMCAD '08},
	Title = {Symbolic Program Analysis Using Term Rewriting and Generalization},
	Year = {2008}}

@inproceedings{SHZ-TAIC07,
	Author = {D. Shannon and S. Hajra and A. Lee and D. Zhan and S. Khurshid},
	Booktitle = {Testing: Academic and Industrial Conference Practice and Research Techniques - MUTATION, 2007. TAICPART-MUTATION 2007},
	Pages = {13-22},
	Title = {Abstracting Symbolic Execution with String Analysis},
	Year = {2007}}

@inproceedings{CS-ICSE05,
	Author = {Csallner, Christoph and Smaragdakis, Yannis},
	Booktitle = {Proceedings of the 27th International Conference on Software Engineering},
	Isbn = {1-58113-963-2},
	Location = {St. Louis, MO, USA},
	Numpages = {10},
	Pages = {422--431},
	Series = {ICSE '05},
	Title = {Check 'N' Crash: Combining Static Checking and Testing},
	Year = {2005}}

@inproceedings{C-SEFM07,
	Author = {Patrick Cousot},
	Booktitle = {Fifth IEEE International Conference on Software Engineering and Formal Methods (SEFM 2007)},
	Date-Modified = {2016-08-26 16:02:45 +0000},
	Pages = {135-140},
	Title = {The Role of Abstract Interpretation in Formal Methods},
	Year = {2007}}

@inproceedings{APV-SPIN06,
	Acmid = {2182170},
	Address = {Berlin, Heidelberg},
	Author = {Anand, Saswat and P\u{a}s\u{a}reanu, Corina S. and Visser, Willem},
	Booktitle = {Proceedings of the 13th International Conference on Model Checking Software},
	Doi = {10.1007/11691617_10},
	Isbn = {3-540-33102-6, 978-3-540-33102-5},
	Location = {Vienna, Austria},
	Numpages = {19},
	Pages = {163--181},
	Publisher = {Springer-Verlag},
	Series = {SPIN'06},
	Title = {Symbolic Execution with Abstract Subsumption Checking},
	Url = {http://dx.doi.org/10.1007/11691617_10},
	Year = {2006},
	Bdsk-Url-1 = {http://dx.doi.org/10.1007/11691617_10}}

@inproceedings{VPP-ISSTA06,
	Author = {Visser, Willem and P\v{a}s\v{a}reanu, Corina S. and Pel\'{a}nek, Radek},
	Booktitle = {Proceedings of the 2006 International Symposium on Software Testing and Analysis},
	Isbn = {1-59593-263-1},
	Location = {Portland, Maine, USA},
	Numpages = {12},
	Pages = {37--48},
	Series = {ISSTA '06},
	Title = {Test Input Generation for Java Containers Using State Matching},
	Year = {2006}}

@inproceedings{XGM-ISSTA08,
	Author = {Xu, Ru-Gang and Godefroid, Patrice and Majumdar, Rupak},
	Booktitle = {Proceedings of the 2008 International Symposium on Software Testing and Analysis},
	Isbn = {978-1-60558-050-0},
	Location = {Seattle, WA, USA},
	Numpages = {12},
	Pages = {27--38},
	Series = {ISSTA '08},
	Title = {Testing for Buffer Overflows with Length Abstraction},
	Year = {2008}}

@inproceedings{AEO-DATE08,
	Author = {Arons, Tamarah and Elster, Elad and Ozer, Shlomit and Shalev, Jonathan and Singerman, Eli},
	Booktitle = {Proceedings of the Conference on Design, Automation and Test in Europe},
	Isbn = {978-3-9810801-3-1},
	Location = {Munich, Germany},
	Numpages = {6},
	Pages = {825--830},
	Series = {DATE '08},
	Title = {Efficient Symbolic Simulation of Low Level Software},
	Year = {2008}}

@article{KP-JPP05,
	Author = {Alfred K{\"{o}}lbl and Carl Pixley},
	Journal = {International Journal of Parallel Programming},
	Number = {6},
	Pages = {645--666},
	Title = {Constructing Efficient Formal Models from High-Level Descriptions Using Symbolic Simulation},
	Volume = {33},
	Year = {2005}}

@inproceedings{TBV-ISSTA07,
	Author = {Tomb, Aaron and Brat, Guillaume and Visser, Willem},
	Booktitle = {Proceedings of the 2007 International Symposium on Software Testing and Analysis},
	Isbn = {978-1-59593-734-6},
	Location = {London, United Kingdom},
	Numpages = {11},
	Pages = {97--107},
	Series = {ISSTA '07},
	Title = {Variably Interprocedural Program Analysis for Runtime Error Detection},
	Year = {2007}}

@inproceedings{Ball06,
	Acmid = {1217943},
	Address = {New York, NY, USA},
	Author = {Ball, Thomas and Bounimova, Ella and Cook, Byron and Levin, Vladimir and Lichtenberg, Jakob and McGarvey, Con and Ondrusek, Bohus and Rajamani, Sriram K. and Ustuner, Abdullah},
	Booktitle = {Proceedings of the 1st ACM SIGOPS/EuroSys European Conference on Computer Systems 2006},
	Doi = {10.1145/1217935.1217943},
	Isbn = {1-59593-322-0},
	Keywords = {formal verification, software model checking},
	Location = {Leuven, Belgium},
	Numpages = {13},
	Pages = {73--85},
	Publisher = {ACM},
	Series = {EuroSys '06},
	Title = {Thorough Static Analysis of Device Drivers},
	Url = {http://doi.acm.org/10.1145/1217935.1217943},
	Year = {2006},
	Bdsk-Url-1 = {http://doi.acm.org/10.1145/1217935.1217943},
	Bdsk-Url-2 = {http://dx.doi.org/10.1145/1217935.1217943}}

@inproceedings{BITBLAZE-ICISS08,
	Acmid = {1496257},
	Address = {Berlin, Heidelberg},
	Author = {Song, Dawn and Brumley, David and Yin, Heng and Caballero, Juan and Jager, Ivan and Kang, Min Gyung and Liang, Zhenkai and Newsome, James and Poosankam, Pongsin and Saxena, Prateek},
	Booktitle = {Proceedings of the 4th International Conference on Information Systems Security},
	Doi = {10.1007/978-3-540-89862-7_1},
	Isbn = {978-3-540-89861-0},
	Keywords = {Binary analysis, malware analysis and defense, reverse engineering, vulnerability analysis and defense},
	Location = {Hyderabad, India},
	Numpages = {25},
	Pages = {1--25},
	Publisher = {Springer-Verlag},
	Series = {ICISS '08},
	Title = {BitBlaze: A New Approach to Computer Security via Binary Analysis},
	Url = {http://dx.doi.org/10.1007/978-3-540-89862-7_1},
	Year = {2008},
	Bdsk-Url-1 = {http://dx.doi.org/10.1007/978-3-540-89862-7_1}}

@inproceedings{PMB-ISSTA08,
	Author = {P\v{a}s\v{a}reanu, Corina S. and Mehlitz, Peter C. and Bushnell, David H. and Gundy-Burlet, Karen and Lowry, Michael and Person, Suzette and Pape, Mark},
	Booktitle = {Proceedings of the 2008 International Symposium on Software Testing and Analysis},
	Numpages = {12},
	Pages = {15--26},
	Series = {ISSTA '08},
	Title = {Combining Unit-level Symbolic Execution and System-level Concrete Execution for Testing Nasa Software},
	Year = {2008}}

@inproceedings{RMV-SPIN09,
	Author = {Neha Rungta and Eric G. Mercer and Willem Visser},
	Booktitle = {Model Checking Software, 16th International {SPIN} Workshop, Grenoble, France, June 26-28, 2009. Proceedings},
	Pages = {174--191},
	Title = {Efficient Testing of Concurrent Programs with Abstraction-Guided Symbolic Execution},
	Year = {2009}}

@inproceedings{OMEGA-SC91,
	Author = {Pugh, William},
	Booktitle = {Proceedings of the 1991 ACM/IEEE Conference on Supercomputing},
	Isbn = {0-89791-459-7},
	Numpages = {10},
	Pages = {4--13},
	Series = {Supercomputing '91},
	Title = {The Omega Test: A Fast and Practical Integer Programming Algorithm for Dependence Analysis},
	Year = {1991}}

@inproceedings{YICES-CAV06,
	Author = {Dutertre, Bruno and de Moura, Leonardo},
	Booktitle = {Proceedings of the 18th International Conference on Computer Aided Verification},
	Numpages = {14},
	Pages = {81--94},
	Series = {CAV'06},
	Title = {A Fast Linear-arithmetic Solver for DPLL(T)},
	Year = {2006}}

@inproceedings{KPV-TACAS03,
	Acmid = {1765924},
	Address = {Berlin, Heidelberg},
	Author = {Khurshid, Sarfraz and P\u{a}s\u{a}reanu, Corina S. and Visser, Willem},
	Booktitle = {Proceedings of the 9th International Conference on Tools and Algorithms for the Construction and Analysis of Systems},
	Isbn = {3-540-00898-5},
	Location = {Warsaw, Poland},
	Numpages = {16},
	Pages = {553--568},
	Publisher = {Springer-Verlag},
	Series = {TACAS'03},
	Title = {{Generalized Symbolic Execution for Model Checking and Testing}},
	Url = {http://dl.acm.org/citation.cfm?id=1765871.1765924},
	Year = {2003},
	Bdsk-Url-1 = {http://dl.acm.org/citation.cfm?id=1765871.1765924}}

@inproceedings{SPF-ISSTA04,
	Acmid = {1007526},
	Address = {New York, NY, USA},
	Author = {Visser, Willem and P\v{a}s\v{a}reanu, Corina S. and Khurshid, Sarfraz},
	Booktitle = {Proceedings of the 2004 ACM SIGSOFT International Symposium on Software Testing and Analysis},
	Doi = {10.1145/1007512.1007526},
	Isbn = {1-58113-820-2},
	Keywords = {coverage, model checking, red-black trees, symbolic execution, testing object-oriented programs},
	Location = {Boston, Massachusetts, USA},
	Numpages = {11},
	Pages = {97--107},
	Publisher = {ACM},
	Series = {ISSTA '04},
	Title = {{Test Input Generation with Java PathFinder}},
	Url = {http://doi.acm.org/10.1145/1007512.1007526},
	Year = {2004},
	Bdsk-Url-1 = {http://doi.acm.org/10.1145/1007512.1007526},
	Bdsk-Url-2 = {http://dx.doi.org/10.1145/1007512.1007526}}

@inbook{BLI-NFM13,
	Address = {Berlin, Heidelberg},
	Author = {Geldenhuys, Jaco and Aguirre, Nazareno and Frias, Marcelo F. and Visser, Willem},
	Booktitle = {NASA Formal Methods: 5th International Symposium, NFM 2013, Moffett Field, CA, USA, May 14-16, 2013. Proceedings},
	Doi = {10.1007/978-3-642-38088-4_16},
	Editor = {Brat, Guillaume and Rungta, Neha and Venet, Arnaud},
	Isbn = {978-3-642-38088-4},
	Pages = {229--243},
	Publisher = {Springer Berlin Heidelberg},
	Title = {Bounded Lazy Initialization},
	Url = {http://dx.doi.org/10.1007/978-3-642-38088-4_16},
	Year = {2013},
	Bdsk-Url-1 = {http://dx.doi.org/10.1007/978-3-642-38088-4_16}}

@inproceedings{TLL-CAV10,
	Acmid = {2144345},
	Address = {Berlin, Heidelberg},
	Author = {Thakur, Aditya and Lim, Junghee and Lal, Akash and Burton, Amanda and Driscoll, Evan and Elder, Matt and Andersen, Tycho and Reps, Thomas},
	Booktitle = {Proceedings of the 22Nd International Conference on Computer Aided Verification},
	Doi = {10.1007/978-3-642-14295-6_27},
	Isbn = {3-642-14294-X, 978-3-642-14294-9},
	Location = {Edinburgh, UK},
	Numpages = {18},
	Pages = {288--305},
	Publisher = {Springer-Verlag},
	Series = {CAV'10},
	Title = {Directed Proof Generation for Machine Code},
	Url = {http://dx.doi.org/10.1007/978-3-642-14295-6_27},
	Year = {2010},
	Bdsk-Url-1 = {http://dx.doi.org/10.1007/978-3-642-14295-6_27}}

@inproceedings{CREST-ASE08,
	Acmid = {1642995},
	Address = {Washington, DC, USA},
	Author = {Jacob Burnim and Koushik Sen},
	Booktitle = {Proceedings of the 2008 23rd IEEE/ACM International Conference on Automated Software Engineering},
	Date-Modified = {2016-08-25 16:15:56 +0000},
	Doi = {10.1109/ASE.2008.69},
	Isbn = {978-1-4244-2187-9},
	Keywords = {depth-first search strategy, scalable dynamic test generation, symbolic execution, software systems, path space, control flow graph, open source concolic testing tool, software tools},
	Numpages = {4},
	Pages = {443--446},
	Publisher = {IEEE Computer Society},
	Series = {ASE '08},
	Title = {Heuristics for Scalable Dynamic Test Generation},
	Url = {http://dx.doi.org/10.1109/ASE.2008.69},
	Year = {2008},
	Bdsk-Url-1 = {http://dx.doi.org/10.1109/ASE.2008.69}}

@inproceedings{K-ICRS75,
	Acmid = {808444},
	Address = {New York, NY, USA},
	Author = {King, James C.},
	Booktitle = {Proceedings of the International Conference on Reliable Software},
	Doi = {10.1145/800027.808444},
	Keywords = {Program correctness, Program testing, Program verification, Symbolic execution, Symbolic interpretation},
	Location = {Los Angeles, California},
	Numpages = {6},
	Pages = {228--233},
	Publisher = {ACM},
	Title = {A New Approach to Program Testing},
	Url = {http://doi.acm.org/10.1145/800027.808444},
	Year = {1975},
	Bdsk-Url-1 = {http://doi.acm.org/10.1145/800027.808444},
	Bdsk-Url-2 = {http://dx.doi.org/10.1145/800027.808444}}

@inproceedings{SELECT-ICRS75,
	Acmid = {808445},
	Address = {New York, NY, USA},
	Author = {Boyer, Robert S. and Elspas, Bernard and Levitt, Karl N.},
	Booktitle = {Proceedings of the International Conference on Reliable Software},
	Doi = {10.1145/800027.808445},
	Keywords = {Program debugging, Program testing, Program verification, Solution of systems of inequalities, Symbolic execution, Test data generation},
	Location = {Los Angeles, California},
	Numpages = {12},
	Pages = {234--245},
	Publisher = {ACM},
	Title = {SELECT\&Mdash;a Formal System for Testing and Debugging Programs by Symbolic Execution},
	Url = {http://doi.acm.org/10.1145/800027.808445},
	Year = {1975},
	Bdsk-Url-1 = {http://doi.acm.org/10.1145/800027.808445},
	Bdsk-Url-2 = {http://dx.doi.org/10.1145/800027.808445}}

@inproceedings{VALGRIND-PLDI07,
	Acmid = {1250746},
	Address = {New York, NY, USA},
	Author = {Nethercote, Nicholas and Seward, Julian},
	Booktitle = {Proceedings of the 28th ACM SIGPLAN Conference on Programming Language Design and Implementation},
	Doi = {10.1145/1250734.1250746},
	Isbn = {978-1-59593-633-2},
	Keywords = {Memcheck, Valgrind, dynamic binary analysis, dynamic binary instrumentation, shadow values},
	Location = {San Diego, California, USA},
	Numpages = {12},
	Pages = {89--100},
	Publisher = {ACM},
	Series = {PLDI '07},
	Title = {Valgrind: A Framework for Heavyweight Dynamic Binary Instrumentation},
	Url = {http://doi.acm.org/10.1145/1250734.1250746},
	Year = {2007},
	Bdsk-Url-1 = {http://doi.acm.org/10.1145/1250734.1250746},
	Bdsk-Url-2 = {http://dx.doi.org/10.1145/1250734.1250746}}

@article{DLR-ASE12,
	Author = {Deng, Xianghua and Lee, Jooyong and Robby},
	Issue_Date = {September 2012},
	Journal = {Automated Software Engineering},
	Month = sep,
	Number = {3},
	Numpages = {69},
	Pages = {233--301},
	Title = {Efficient and Formal Generalized Symbolic Execution},
	Volume = {19},
	Year = {2012}}

@inbook{TS-ATVA14,
	Address = {Cham},
	Author = {Trt{\'\i}k, Marek and Strej{\v{c}}ek, Jan},
	Booktitle = {Automated Technology for Verification and Analysis: 12th International Symposium, ATVA 2014, Sydney, NSW, Australia, November 3-7, 2014, Proceedings},
	Pages = {380--395},
	Publisher = {Springer International Publishing},
	Title = {Symbolic Memory with Pointers},
	Year = {2014}}

@inproceedings{GL-ISSTA11,
	Author = {Godefroid, Patrice and Luchaup, Daniel},
	Booktitle = {Proceedings of the 2011 International Symposium on Software Testing and Analysis},
	Numpages = {11},
	Pages = {23--33},
	Series = {ISSTA '11},
	Title = {Automatic Partial Loop Summarization in Dynamic Test Generation},
	Year = {2011}}

@inproceedings{EGL-ISSTA09,
	Acmid = {1572288},
	Address = {New York, NY, USA},
	Author = {Elkarablieh, Bassem and Godefroid, Patrice and Levin, Michael Y.},
	Booktitle = {Proceedings of the Eighteenth International Symposium on Software Testing and Analysis},
	Doi = {10.1145/1572272.1572288},
	Isbn = {978-1-60558-338-9},
	Keywords = {automatic test generation, pointer reasoning, program verification, software testing},
	Location = {Chicago, IL, USA},
	Numpages = {12},
	Pages = {129--140},
	Publisher = {ACM},
	Series = {ISSTA '09},
	Title = {Precise Pointer Reasoning for Dynamic Test Generation},
	Url = {http://doi.acm.org/10.1145/1572272.1572288},
	Year = {2009},
	Bdsk-Url-1 = {http://doi.acm.org/10.1145/1572272.1572288},
	Bdsk-Url-2 = {http://dx.doi.org/10.1145/1572272.1572288}}

@inproceedings{GKL-PLDI08,
	Author = {Godefroid, Patrice and Kiezun, Adam and Levin, Michael Y.},
	Booktitle = {Proceedings of the 29th ACM SIGPLAN Conference on Programming Language Design and Implementation},
	Isbn = {978-1-59593-860-2},
	Location = {Tucson, AZ, USA},
	Numpages = {10},
	Pages = {206--215},
	Series = {PLDI '08},
	Title = {Grammar-based Whitebox Fuzzing},
	Year = {2008}}

@inproceedings{SZ-VMCAI12,
	Author = {Siegel, Stephen F. and Zirkel, Timothy K.},
	Booktitle = {Proceedings of the 13th International Conference on Verification, Model Checking, and Abstract Interpretation},
	Isbn = {978-3-642-27939-3},
	Location = {Philadelphia, PA},
	Numpages = {16},
	Pages = {412--427},
	Series = {VMCAI'12},
	Title = {Loop Invariant Symbolic Execution for Parallel Programs},
	Year = {2012}}

@inproceedings{SST-ATVA13,
	Author = {Jiri Slaby and Jan Strejcek and Marek Trt{\'{\i}}k},
	Booktitle = {Automated Technology for Verification and Analysis - 11th International Symposium, {ATVA} 2013, Hanoi, Vietnam, October 15-18, 2013. Proceedings},
	Pages = {193--207},
	Title = {Compact Symbolic Execution},
	Year = {2013}}

@inproceedings{OT-ATVA11,
	Author = {Jan Obdrz{\'{a}}lek and Marek Trt{\'{\i}}k},
	Booktitle = {Automated Technology for Verification and Analysis, 9th International Symposium, {ATVA} 2011, Taipei, Taiwan, October 11-14, 2011. Proceedings},
	Pages = {453--462},
	Title = {Efficient Loop Navigation for Symbolic Execution},
	Year = {2011}}

@inproceedings{ST-ISSTA12,
	Author = {Jan Strejcek and Marek Trt{\'{\i}}k},
	Booktitle = {International Symposium on Software Testing and Analysis, {ISSTA} 2012, Minneapolis, MN, USA, July 15-20, 2012},
	Pages = {155--165},
	Title = {Abstracting path conditions},
	Year = {2012}}

@article{SMT-CACM11,
	Acmid = {1995394},
	Address = {New York, NY, USA},
	Author = {De Moura, Leonardo and Bj{\o}rner, Nikolaj},
	Doi = {10.1145/1995376.1995394},
	Issn = {0001-0782},
	Issue_Date = {September 2011},
	Journal = {Commun. ACM},
	Month = sep,
	Number = {9},
	Numpages = {9},
	Pages = {69--77},
	Publisher = {ACM},
	Title = {Satisfiability Modulo Theories: Introduction and Applications},
	Url = {http://doi.acm.org/10.1145/1995376.1995394},
	Volume = {54},
	Year = {2011},
	Bdsk-Url-1 = {http://doi.acm.org/10.1145/1995376.1995394},
	Bdsk-Url-2 = {http://dx.doi.org/10.1145/1995376.1995394}}

@inproceedings{FLP-COMPSAC07,
	Acmid = {1299784},
	Address = {Washington, DC, USA},
	Author = {Fu, Xiang and Lu, Xin and Peltsverger, Boris and Chen, Shijun and Qian, Kai and Tao, Lixin},
	Booktitle = {Proceedings of the 31st Annual International Computer Software and Applications Conference - Volume 01},
	Doi = {10.1109/COMPSAC.2007.43},
	Isbn = {0-7695-2870-8},
	Numpages = {10},
	Pages = {87--96},
	Publisher = {IEEE Computer Society},
	Series = {COMPSAC '07},
	Title = {A Static Analysis Framework For Detecting SQL Injection Vulnerabilities},
	Url = {http://dx.doi.org/10.1109/COMPSAC.2007.43},
	Year = {2007},
	Bdsk-Url-1 = {http://dx.doi.org/10.1109/COMPSAC.2007.43}}

@inproceedings{XTD-DSN09,
	Author = {T. Xie and N. Tillmann and J. de Halleux and W. Schulte},
	Booktitle = {2009 IEEE/IFIP International Conference on Dependable Systems Networks},
	Pages = {359-368},
	Title = {Fitness-guided path exploration in dynamic symbolic execution},
	Year = {2009}}

@inbook{VSA-CC04,
	Address = {Berlin, Heidelberg},
	Author = {Balakrishnan, Gogul and Reps, Thomas},
	Booktitle = {Compiler Construction: 13th International Conference, CC 2004, Held as Part of the Joint European Conferences on Theory and Practice of Software, ETAPS 2004, Barcelona, Spain, March 29 - April 2, 2004. Proceedings},
	Doi = {10.1007/978-3-540-24723-4_2},
	Editor = {Duesterwald, Evelyn},
	Isbn = {978-3-540-24723-4},
	Pages = {5--23},
	Publisher = {Springer Berlin Heidelberg},
	Title = {Analyzing Memory Accesses in x86 Executables},
	Url = {http://dx.doi.org/10.1007/978-3-540-24723-4_2},
	Year = {2004},
	Bdsk-Url-1 = {http://dx.doi.org/10.1007/978-3-540-24723-4_2}}

@inproceedings{MEMO-ISSTA12,
	Acmid = {2336771},
	Address = {New York, NY, USA},
	Author = {Yang, Guowei and P\u{a}s\u{a}reanu, Corina S. and Khurshid, Sarfraz},
	Booktitle = {Proceedings of the 2012 International Symposium on Software Testing and Analysis},
	Doi = {10.1145/2338965.2336771},
	Isbn = {978-1-4503-1454-1},
	Location = {Minneapolis, MN, USA},
	Numpages = {11},
	Pages = {144--154},
	Publisher = {ACM},
	Series = {ISSTA 2012},
	Title = {Memoized Symbolic Execution},
	Url = {http://doi.acm.org/10.1145/2338965.2336771},
	Year = {2012},
	Bdsk-Url-1 = {http://doi.acm.org/10.1145/2338965.2336771},
	Bdsk-Url-2 = {http://dx.doi.org/10.1145/2338965.2336771}}

@inproceedings{UDM-WCRE15,
	Author = {S. K. Udupa and S. K. Debray and M. Madou},
	Booktitle = {12th Working Conference on Reverse Engineering (WCRE'05)},
	Doi = {10.1109/WCRE.2005.13},
	Issn = {1095-1350},
	Month = {Nov},
	Pages = {10 pp.-},
	Title = {Deobfuscation: reverse engineering obfuscated code},
	Year = {2005},
	Bdsk-Url-1 = {http://dx.doi.org/10.1109/WCRE.2005.13}}

@inproceedings{YJW-SSP15,
	Author = {B. Yadegari and B. Johannesmeyer and B. Whitely and S. Debray},
	Booktitle = {2015 IEEE Symposium on Security and Privacy},
	Doi = {10.1109/SP.2015.47},
	Issn = {1081-6011},
	Month = {May},
	Pages = {674-691},
	Title = {A Generic Approach to Automatic Deobfuscation of Executable Code},
	Year = {2015},
	Bdsk-Url-1 = {http://dx.doi.org/10.1109/SP.2015.47}}

@inbook{WMJ-ESORICS11,
	Address = {Berlin, Heidelberg},
	Author = {Wang, Zhi and Ming, Jiang and Jia, Chunfu and Gao, Debin},
	Booktitle = {Computer Security -- ESORICS 2011: 16th European Symposium on Research in Computer Security, Leuven, Belgium, September 12-14,2011. Proceedings},
	Doi = {10.1007/978-3-642-23822-2_12},
	Editor = {Atluri, Vijay and Diaz, Claudia},
	Isbn = {978-3-642-23822-2},
	Pages = {210--226},
	Publisher = {Springer Berlin Heidelberg},
	Title = {Linear Obfuscation to Combat Symbolic Execution},
	Url = {http://dx.doi.org/10.1007/978-3-642-23822-2_12},
	Year = {2011},
	Bdsk-Url-1 = {http://dx.doi.org/10.1007/978-3-642-23822-2_12}}

@inbook{HOT-FPS15,
	Address = {Cham},
	Author = {Hai, Nguyen Minh and Ogawa, Mizuhito and Tho, Quan Thanh},
	Booktitle = {Foundations and Practice of Security: 8th International Symposium, FPS 2015, Clermont-Ferrand, France, October 26-28, 2015, Revised Selected Papers},
	Doi = {10.1007/978-3-319-30303-1_14},
	Editor = {Garcia-Alfaro, Joaquin and Kranakis, Evangelos and Bonfante, Guillaume},
	Isbn = {978-3-319-30303-1},
	Pages = {229--247},
	Publisher = {Springer International Publishing},
	Title = {Obfuscation Code Localization Based on CFG Generation of Malware},
	Url = {http://dx.doi.org/10.1007/978-3-319-30303-1_14},
	Year = {2016},
	Bdsk-Url-1 = {http://dx.doi.org/10.1007/978-3-319-30303-1_14}}

@inproceedings{GREEN-FSE12,
	Acmid = {2393665},
	Address = {New York, NY, USA},
	Articleno = {58},
	Author = {Visser, Willem and Geldenhuys, Jaco and Dwyer, Matthew B.},
	Booktitle = {Proceedings of the ACM SIGSOFT 20th International Symposium on the Foundations of Software Engineering},
	Doi = {10.1145/2393596.2393665},
	Isbn = {978-1-4503-1614-9},
	Keywords = {NoSQL, constraint solving, path feasibility, symbolic execution},
	Location = {Cary, North Carolina},
	Numpages = {11},
	Pages = {58:1--58:11},
	Publisher = {ACM},
	Series = {FSE '12},
	Title = {Green: Reducing, Reusing and Recycling Constraints in Program Analysis},
	Url = {http://doi.acm.org/10.1145/2393596.2393665},
	Year = {2012},
	Bdsk-Url-1 = {http://doi.acm.org/10.1145/2393596.2393665},
	Bdsk-Url-2 = {http://dx.doi.org/10.1145/2393596.2393665}}

@inproceedings{JGY-ISSTA15,
	Acmid = {2771806},
	Address = {New York, NY, USA},
	Author = {Jia, Xiangyang and Ghezzi, Carlo and Ying, Shi},
	Booktitle = {Proceedings of the 2015 International Symposium on Software Testing and Analysis},
	Doi = {10.1145/2771783.2771806},
	Isbn = {978-1-4503-3620-8},
	Keywords = {cache and reuse, constraint solving, symbolic execution},
	Location = {Baltimore, MD, USA},
	Numpages = {11},
	Pages = {177--187},
	Publisher = {ACM},
	Series = {ISSTA 2015},
	Title = {Enhancing Reuse of Constraint Solutions to Improve Symbolic Execution},
	Url = {http://doi.acm.org/10.1145/2771783.2771806},
	Year = {2015},
	Bdsk-Url-1 = {http://doi.acm.org/10.1145/2771783.2771806},
	Bdsk-Url-2 = {http://dx.doi.org/10.1145/2771783.2771806}}

@inproceedings{GV-ISSTA02,
	Author = {Groce, Alex and Visser, Willem},
	Booktitle = {Proceedings of the 2002 ACM SIGSOFT International Symposium on Software Testing and Analysis},
	Numpages = {10},
	Pages = {12--21},
	Series = {ISSTA '02},
	Title = {Model Checking Java Programs Using Structural Heuristics},
	Year = {2002}}

@article{M-STVR04,
	Author = {McMinn, Phil},
	Issue_Date = {June 2004},
	Journal = {Softw. Test. Verif. Reliab.},
	Month = jun,
	Number = {2},
	Numpages = {52},
	Pages = {105--156},
	Title = {Search-based Software Test Data Generation: A Survey: Research Articles},
	Volume = {14},
	Year = {2004}}

@inproceedings{CVC3-CAV07,
	Acmid = {1770397},
	Address = {Berlin, Heidelberg},
	Author = {Barrett, Clark and Tinelli, Cesare},
	Booktitle = {Proceedings of the 19th International Conference on Computer Aided Verification},
	Isbn = {978-3-540-73367-6},
	Location = {Berlin, Germany},
	Numpages = {5},
	Pages = {298--302},
	Publisher = {Springer-Verlag},
	Series = {CAV'07},
	Title = {CVC3},
	Url = {http://dl.acm.org/citation.cfm?id=1770351.1770397},
	Year = {2007},
	Bdsk-Url-1 = {http://dl.acm.org/citation.cfm?id=1770351.1770397}}

@manual{CHOCO,
	Author = {Charles Prud'homme and Jean-Guillaume Fages and Xavier Lorca},
	Organization = {TASC, INRIA Rennes, LINA CNRS UMR 6241, COSLING S.A.S.},
	Timestamp = {Thu, 11 May 2015},
	Title = {Choco Documentation},
	Url = {http://www.choco-solver.org},
	Year = {2015},
	Bdsk-Url-1 = {http://www.choco-solver.org}}

@inproceedings{CORAL-NFM11,
	Author = {Souza, Matheus and Borges, Mateus and d'Amorim, Marcelo and P\u{a}s\u{a}reanu, Corina S.},
	Booktitle = {Proceedings of the Third International Conference on NASA Formal Methods},
	Numpages = {16},
	Pages = {359--374},
	Series = {NFM'11},
	Title = {CORAL: Solving Complex Constraints for Symbolic Pathfinder},
	Year = {2011}}

@inproceedings{MMP-ASPLOS12,
	Author = {Martignoni, Lorenzo and McCamant, Stephen and Poosankam, Pongsin and Song, Dawn and Maniatis, Petros},
	Booktitle = {Proceedings of the Seventeenth International Conference on Architectural Support for Programming Languages and Operating Systems},
	Numpages = {12},
	Pages = {337--348},
	Series = {ASPLOS XVII},
	Title = {Path-exploration Lifting: Hi-fi Tests for Lo-fi Emulators},
	Year = {2012}}

@techreport{CIVL-TECH14,
	Author = {Stephen F. Siegel and Matthew B. Dwyer and Ganesh Gopalakrishnan and Ziqing Luo and Zvonimir Rakamaric and Rajeev Thakur and Manchun Zheng and Timothy K. Zirkel},
	Institution = {Department of Computer and Information Sciences, University of Delaware},
	Number = {UD-CIS-2014/001},
	Title = {{CIVL}: The Concurrency Intermediate Verification Language},
	Year = {2014}}

@inproceedings{HBR-RV14,
	Author = {Martin Hentschel and Richard Bubel and Reiner H{\"a}hnle},
	Booktitle = {Proceedings of Runtime Verification 2014},
	Editor = {Borzoo Bonakdarpour and Scott A. Smolka},
	Month = sep,
	Pages = {255--262},
	Pubkey = {TUD-CS-2014-0835},
	Publisher = {Springer},
	Series = {LNCS},
	Title = {Symbolic Execution Debugger (SED)},
	Year = {2014}}

@inproceedings{S-ICSE04,
	Author = {Sharma, Asankhaya},
	Booktitle = {Companion Proceedings of the 36th International Conference on Software Engineering},
	Isbn = {978-1-4503-2768-8},
	Numpages = {3},
	Pages = {727--729},
	Series = {ICSE Companion 2014},
	Title = {Exploiting Undefined Behaviors for Efficient Symbolic Execution},
	Year = {2014}}

@inproceedings{RSM-ICSE10,
	Author = {Reisner, Elnatan and Song, Charles and Ma, Kin-Keung and Foster, Jeffrey S. and Porter, Adam},
	Booktitle = {Proceedings of the 32Nd ACM/IEEE International Conference on Software Engineering - Volume 1},
	Isbn = {978-1-60558-719-6},
	Numpages = {10},
	Pages = {445--454},
	Series = {ICSE '10},
	Title = {{Using Symbolic Evaluation to Understand Behavior in Configurable Software Systems}},
	Year = {2010}}

@techreport{JMF-TECH12,
	Author = {Jinseong Jeon, and Kristopher K. Micinski, and Jeffrey S. Foster},
	Institution = {Department of Computer Science, University of Maryland, College Park},
	Number = {CS-TR-5022},
	Title = {{SymDroid: Symbolic Execution for Dalvik Bytecode}},
	Year = {2012}}

@inproceedings{CF-CCS10,
	Author = {Chaudhuri, Avik and Foster, Jeffrey S.},
	Booktitle = {Proceedings of the 17th ACM Conference on Computer and Communications Security},
	Numpages = {10},
	Pages = {585--594},
	Series = {CCS '10},
	Title = {Symbolic Security Analysis of Ruby-on-rails Web Applications},
	Year = {2010}}

@inproceedings{LAG-FSE14,
	Author = {Li, Guodong and Andreasen, Esben and Ghosh, Indradeep},
	Booktitle = {Proceedings of the 22Nd ACM SIGSOFT International Symposium on Foundations of Software Engineering},
	Numpages = {11},
	Pages = {449--459},
	Series = {FSE 2014},
	Title = {{SymJS}: Automatic Symbolic Testing of JavaScript Web Applications},
	Year = {2014}}

@inproceedings{SKB-FSE13,
	Author = {Sen, Koushik and Kalasapur, Swaroop and Brutch, Tasneem and Gibbs, Simon},
	Booktitle = {Proceedings of the 2013 9th Joint Meeting on Foundations of Software Engineering},
	Numpages = {11},
	Pages = {488--498},
	Series = {ESEC/FSE 2013},
	Title = {Jalangi: A Selective Record-replay and Dynamic Analysis Framework for JavaScript},
	Year = {2013}}

@mastersthesis{V-THESIS14,
	Author = {Celina Gomes do Val},
	School = {University of British Columbia},
	Title = {Conflict-Driven Symbolic Execution: How to Learn to Get Better},
	Type = {{MSc} Thesis},
	Year = {2014}}
	
@article{Weiser84, 
  author = {Weiser, Mark},
  journal = {IEEE Transactions on Software Engineering}, 
  title = {{Program Slicing}}, 
  year = {1984}, 
  volume = {SE-10}, 
  number = {4}, 
  pages = {352-357}, 
  keywords = {Data flow analysis;debugging;human factors;parallel processing;program maintenance;program metrics;slicing;software tools}, 
  doi = {10.1109/TSE.1984.5010248},
  url = {http://dx.doi.org/10.1109/TSE.1984.5010248},
  ISSN = {0098-5589}, 
  month = {July}
}

@inproceedings{ANGR-SSP16,
	Author = {Shoshitaishvili, Yan and Wang, Ruoyu and Salls, Christopher and Stephens, Nick and Polino, Mario and Dutcher, Andrew and Grosen, John and Feng, Siji and Hauser, Christophe and Kruegel, Christopher and Vigna, Giovanni},
	Booktitle = {IEEE Symposium on Security and Privacy},
	Title = {{SoK: (State of) The Art of War: Offensive Techniques in Binary Analysis}},
	Year = {2016}}


@article{KP-PP05,
 author = {Koelbl, Alfred and Pixley, Carl},
 title = {Constructing Efficient Formal Models from High-level Descriptions Using Symbolic Simulation},
 journal = {Int. J. Parallel Program.},
 issue_date = {December 2005},
 volume = {33},
 number = {6},
 month = dec,
 year = {2005},
 issn = {0885-7458},
 pages = {645--666},
 numpages = {22},
}

@TECHREPORT{KRS-TR74,
    author = {Paul A. Karger and Usaf Roger and R. Schell},
    title = {Multics security evaluation: Vulnerability analysis},
    institution = {HQ Electronic Systems Division: Hanscom AFB, MA},
    year = {1974}
}

@inproceedings {CZF-USEC14,
  author = {Andrei Costin and Jonas Zaddach and Aur{\'e}lien Francillon and Davide Balzarotti},
  title = {A Large-Scale Analysis of the Security of Embedded Firmwares},
  booktitle = {23rd USENIX Security Symposium (USENIX Security 14)},
  year = {2014},
  pages = {95--110},
}

@misc{NSA-BACKDOOR,
  title = {How a Crypto ‘Backdoor’ Pitted the Tech World Against the NSA},
  author = {Kim Zitter},
  howpublished = {\url{https://www.wired.com/2013/09/nsa-backdoor/all/}},
  year = {2013},
  %note = {Accessed: 2010-09-30}
}

@inproceedings{ZBF-NDSS14,
  author    = {Jonas Zaddach and
               Luca Bruno and
               Aur{\'{e}}lien Francillon and
               Davide Balzarotti},
  title     = {{AVATAR:} {A} Framework to Support Dynamic Security Analysis of Embedded
               Systems' Firmwares},
  booktitle = {21st Annual Network and Distributed System Security Symposium, {NDSS}
               2014, San Diego, California, USA, February 23-26, 2014},
  year      = {2014},
}

@inproceedings {DMR-USEC13,
  author = {Drew Davidson and Benjamin Moench and Thomas Ristenpart and Somesh Jha},
  title = {{FIE} on Firmware: Finding Vulnerabilities in Embedded Systems Using Symbolic Execution},
  booktitle = {22nd USENIX Security Symposium (USENIX Security 13)},
  year = {2013},
  pages = {463--478},
}

@inproceedings{CCF-CGO03,
 author = {Chuang, Weihaw and Calder, Brad and Ferrante, Jeanne},
 title = {Phi-Predication for Light-weight If-conversion},
 booktitle = {Proceedings of the International Symposium on Code Generation and Optimization: Feedback-directed and Runtime Optimization},
 series = {CGO '03},
 year = {2003},
 pages = {179--190},
 numpages = {12},
} 

@inproceedings{TRITON-SSTIC15,
  author    = {Florent Saudel and Jonathan Salwan},
  title     = {Triton: A Dynamic Symbolic Execution Framework},
  booktitle = {Symposium sur la s{\'{e}}curit{\'{e}} des technologies de
               l'information et des communications, SSTIC, France, Rennes,
               June 3-5 2015},
  publisher = {SSTIC},
  pages     = {31--54},
  year      = {2015},
}

@inproceedings{LZL-OOPSLA13,
 author = {Li, You and Su, Zhendong and Wang, Linzhang and Li, Xuandong},
 title = {Steering Symbolic Execution to Less Traveled Paths},
 booktitle = {Proceedings of the 2013 ACM SIGPLAN International Conference on Object Oriented Programming Systems Languages \&\#38; Applications},
 series = {OOPSLA '13},
 year = {2013},
 isbn = {978-1-4503-2374-1},
 pages = {19--32},
 numpages = {14},
 url = {http://doi.acm.org/10.1145/2509136.2509553},
 doi = {10.1145/2509136.2509553},
 acmid = {2509553},
} 

@inproceedings{LLVM-CGO04,
  author = {Lattner, Chris and Adve, Vikram},
  title = {{LLVM}: A Compilation Framework for Lifelong Program Analysis \& Transformation},
  booktitle = {Proceedings of the International Symposium on Code Generation and Optimization: Feedback-directed and Runtime Optimization},
  series = {CGO '04},
  year = {2004},
  isbn = {0-7695-2102-9},
  location = {Palo Alto, California},
  pages = {75--86},
  doi = {10.1109/cgo.2004.1281665},
  url = {http://dl.acm.org/citation.cfm?id=977395.977673},
  acmid = {977673},
  publisher = {IEEE Computer Society},
  address = {Washington, DC, USA},
}

@inproceedings{CLOUD9-EUROSYS11,
 author = {Bucur, Stefan and Ureche, Vlad and Zamfir, Cristian and Candea, George},
 title = {Parallel Symbolic Execution for Automated Real-world Software Testing},
 booktitle = {Proceedings of the Sixth Conference on Computer Systems},
 series = {EuroSys '11},
 year = {2011},
 isbn = {978-1-4503-0634-8},
 pages = {183--198},
 numpages = {16},
 url = {http://doi.acm.org/10.1145/1966445.1966463},
 doi = {10.1145/1966445.1966463},
 acmid = {1966463},
}

@inproceedings{EGL-ISSTA09,
 author = {Elkarablieh, Bassem and Godefroid, Patrice and Levin, Michael Y.},
 title = {Precise Pointer Reasoning for Dynamic Test Generation},
 booktitle = {Proceedings of the Eighteenth International Symposium on Software Testing and Analysis},
 series = {ISSTA '09},
 year = {2009},
 isbn = {978-1-60558-338-9},
 location = {Chicago, IL, USA},
 pages = {129--140},
 numpages = {12},
 url = {http://doi.acm.org/10.1145/1572272.1572288},
 doi = {10.1145/1572272.1572288},
 acmid = {1572288},
 publisher = {ACM},
 address = {New York, NY, USA},
 keywords = {automatic test generation, pointer reasoning, program verification, software testing},
}  

@inproceedings{JDART-TACAS16,
  author = {Kasper Luckow and Marko Dimja\v{s}evi\'c and Dimitra Giannakopoulou and Falk Howar
    and Malte Isberner and Temesghen Kahsai and Zvonimir Rakamari\'c and Vishwanath Raman},
  title = {{JDart}: A Dynamic Symbolic Analysis Framework},
  booktitle = {Proceedings of the 22nd International Conference on Tools and Algorithms
    for the Construction and Analysis of Systems (TACAS)},
  volume = {9636},
  year = {2016},
  pages = {442--459},
}